% For style examples, see e.g. https://verbosus.com/bibtex-style-examples.html                    or                    https://www.economics.utoronto.ca/osborne/latex/BIBTEX.HTM

@book
{
    Sakurai,
    AUTHOR = {Sakurai, J. J. and Napolitano, J.},
     TITLE = {Modern Quantum Mechanics},
 PUBLISHER = {Cambridge University Press},
      YEAR = {2017},
      EDITION = {2},
      ISBN = {978-1-108-42241-3 Hardback},
      ADDRESS = {Cambridge, United Kingdom}
}



@article{MLvsMM,
author = {Baker, Ruth E.  and Peña, Jose-Maria  and Jayamohan, Jayaratnam  and Jérusalem, Antoine },
title = {Mechanistic models versus machine learning, a fight worth fighting for the biological community?},
journal = {Biology Letters},
volume = {14},
number = {5},
pages = {20170660},
year = {2018},
doi = {10.1098/rsbl.2017.0660},
URL = {https://royalsocietypublishing.org/doi/abs/10.1098/rsbl.2017.0660},
eprint = {https://royalsocietypublishing.org/doi/pdf/10.1098/rsbl.2017.0660}
}


@incollection{SNPE17,
title = {Flexible statistical inference for mechanistic models of neural dynamics},
author = {Lueckmann, Jan-Matthis and Goncalves, Pedro J and Bassetto, Giacomo and \"{O}cal, Kaan and Nonnenmacher, Marcel and Macke, Jakob H},
booktitle = {Advances in Neural Information Processing Systems 30},
editor = {I. Guyon and U. V. Luxburg and S. Bengio and H. Wallach and R. Fergus and S. Vishwanathan and R. Garnett},
pages = {1289--1299},
year = {2017},
publisher = {Curran Associates, Inc.},
url = {http://papers.nips.cc/paper/6728-flexible-statistical-inference-for-mechanistic-models-of-neural-dynamics.pdf}
}

@inproceedings{SNL18,
title = "Sequential Neural Likelihood: Fast Likelihood-free Inference with Autoregressive Flows",
author = "George Papamakarios and David C and Iain Murray",
year = "2019",
month = "4",
day = "25",
language = "English",
volume = "89",
pages = "837--848",
booktitle = "Proceedings of the 22nd International Conference on Artificial Intelligence and Statistics (AISTATS) 2019",  publisher = "PMLR",
}


@book{Sivia2006,
  added-at = {2019-03-11T21:00:05.000+0100},
  author = {Sivia, D. S. and Skilling, J.},
  biburl = {https://www.bibsonomy.org/bibtex/272f2fe4eff9fbfb391f8d72f8dd93872/fairybasslet},
  citeulike-article-id = {1731310},
  edition = {2nd},
  interhash = {967121cedc716b9bfd7a098f9b59590e},
  intrahash = {72f2fe4eff9fbfb391f8d72f8dd93872},
  keywords = {*file-import-13-09-19 bayesian},
  posted-at = {2012-10-30 12:06:16},
  priority = {2},
  publisher = {Oxford University Press},
  series = {Oxford Science Publications},
  timestamp = {2019-03-11T21:06:37.000+0100},
  title = {{Data Analysis - A Bayesian Tutorial}},
  year = 2006
}

@article {SNPE19,
	author = {Gon{\c c}alves, Pedro J. and Lueckmann, Jan-Matthis and Deistler, Michael and Nonnenmacher, Marcel and {\"O}cal, Kaan and Bassetto, Giacomo and Chintaluri, Chaitanya and Podlaski, William F. and Haddad, Sara A. and Vogels, Tim P. and Greenberg, David S. and Macke, Jakob H.},
	title = {Training deep neural density estimators to identify mechanistic models of neural dynamics},
	elocation-id = {838383},
	year = {2019},
	doi = {10.1101/838383},
	publisher = {Cold Spring Harbor Laboratory},
	URL = {https://www.biorxiv.org/content/early/2019/11/12/838383},
	eprint = {https://www.biorxiv.org/content/early/2019/11/12/838383.full.pdf},
	journal = {bioRxiv}
}


@misc{probability_models,
publisher = {Academic Press},
isbn = {0124079482},
year = {2014},
title = {Introduction to probability models},
edition = {11th ed.},
language = {eng},
address = {Amsterdam},
author = {Ross, Sheldon M},
keywords = {Sannsynlighetsteori; samfunnssikkerhet; sannsynlighetsregning; statistiske; metoder; statistikk; modeller; sannsynlighetsteori},
}


@book{stk_bok,
series = {Springer Texts in Statistics},
issn = {14614039},
publisher = {Springer New York},
isbn = {978-1-4614-0390-6},
year = {2011},
title = {Modern Mathematical Statistics with Applications},
language = {eng},
address = {New York, NY},
author = {Devore, Jay and Berk, Kenneth},
keywords = {Statistics -- Statistics, general; Statistics -- Statistical Theory and Methods},
}


@misc{elements_statlearn,
series = {Springer Series in Statistics},
publisher = {Springer New York : Imprint: Springer},
isbn = {9781282827264},
year = {2009},
title = {The Elements of Statistical Learning : Data Mining, Inference, and Prediction, Second Edition},
edition = {2nd ed.},
language = {eng},
address = {New York, NY},
author = {Hastie, Trevor},
keywords = {Artificial intelligence; Data mining; Distribution (Probability theory; Mathematical statistics; Bioinformatics; Biology -- Data processing; Artificial Intelligence; Data Mining and Knowledge Discovery; Probability Theory and Stochastic Processes; Statistical Theory and Methods; Computational Biology/Bioinformatics; Computer Appl. in Life Sciences},
lccn = {9780387848587},
}


@misc{bayesian_data_analysis,
series = {Texts in statistical science},
publisher = {CRC Press},
isbn = {9781439840955},
year = {2014},
title = {Bayesian data analysis},
edition = {3rd ed.},
language = {eng},
address = {Boca Raton, Fl},
keywords = {Bayesian statistical decision theory; MATHEMATICS / Probability & Statistics / General; Bayesiansk statistikk; Bayes statistikk; Statistisk dataanalyse; bayes; statistikk},
}


@book{neuro_ada,
series = {Bernstein Series in Computational Neuroscience},
publisher = {Springer International Publishing},
booktitle = {Advanced Data Analysis in Neuroscience},
isbn = {978-3-319-59974-8},
year = {2017},
title = {Advanced Data Analysis in Neuroscience: Integrating Statistical and Computational Models},
language = {eng},
address = {Cham},
author = {Durstewitz, Daniel},
keywords = {Statistics -- Statistics for Life Sciences, Medicine, Health Sciences; Statistics -- Statistical Theory and Methods; Statistics -- Neurosciences; Statistics -- Mathematical and Computational Biology; Statistics -- Biostatistics},
}


@misc{TennøeSimen2019Uqin,
year = {2019},
title = {Uncertainty quantification in neuroscience},
language = {eng},
author = {Tennøe, Simen},
URL = {http://urn.nb.no/URN:NBN:no-71541}
}


@article{Jiang_learn_sumstat,
   title={Learning Summary Statistic for Approximate Bayesian Computation via Deep Neural Network},
   ISSN={1017-0405},
   url={http://dx.doi.org/10.5705/ss.202015.0340},
   DOI={10.5705/ss.202015.0340},
   journal={Statistica Sinica},
   publisher={Institute of Statistical Science},
   author={Wong, Wing and Jiang, Bai and Wu, Tung-yu and Zheng, Charles},
   year={2018}
}

@article {lfp_cnn,
	author = {Skaar, Jan-Eirik W. and Stasik, Alexander J. and Hagen, Espen and Ness, Torbj{\o}rn V. and Einevoll, Gaute T.},
	title = {Estimation of neural network model parameters from local field potentials (LFPs)},
	elocation-id = {564765},
	year = {2019},
	doi = {10.1101/564765},
	publisher = {Cold Spring Harbor Laboratory},
	URL = {https://www.biorxiv.org/content/early/2019/03/01/564765},
	eprint = {https://www.biorxiv.org/content/early/2019/03/01/564765.full.pdf},
	journal = {bioRxiv}
}


@misc{papamakarios2019neural,
    title={Neural Density Estimation and Likelihood-free Inference},
    author={George Papamakarios},
    year={2019},
    eprint={1910.13233},
    archivePrefix={arXiv},
    primaryClass={stat.ML}
}


@article{BrunelNet,
issn = {0929-5313},
journal = {Journal of Computational Neuroscience},
pages = {183--208},
volume = {8},
publisher = {Kluwer Academic Publishers},
number = {3},
year = {2000},
title = {Dynamics of Sparsely Connected Networks of Excitatory and Inhibitory Spiking Neurons},
language = {eng},
address = {Boston},
author = {Brunel, Nicolas},
keywords = {recurrent network ; synchronization},
}

@article{ABCprimer,
issn = {1553-734X},
pages = {e1002803},
volume = {9},
publisher = {Public Library of Science},
number = {1},
year = {2013},
title = {Approximate Bayesian Computation},
language = {eng},
address = {San Francisco, USA},
author = {Sunnåker, Mikael and Busetto, Alberto Giovanni and Numminen, Elina and Corander, Jukka and Foll, Matthieu and Dessimoz, Christophe},
keywords = {Topic Page ; Biology ; Computational Biology},
}


@book{abc_handbook,
  title={Handbook of Approximate Bayesian Computation},
  author={Sisson, S.A. and Fan, Y. and Beaumont, M.},
  isbn={9781439881507},
  lccn={2018010970},
  series={Chapman \& Hall/CRC handbooks of modern statistical methods},
  url={https://books.google.no/books?id=gSWFZwEACAAJ},
  year={2019},
  publisher={CRC Press, Taylor \& Francis Group}
}


@misc{comparison_snl_snpe,
    title={Sequential Neural Methods for Likelihood-free Inference},
    author={Conor Durkan and George Papamakarios and Iain Murray},
    year={2018},
    eprint={1811.08723},
    archivePrefix={arXiv},
    primaryClass={stat.ML}
}

@misc{nott_youtube,
author = {David Nott},
title = {Approximate Bayesian Computation (ABC)},
publisher = {Institute for Mathematical Sciences, National University of Singapore},
howpublished = "\url{https://www.youtube.com/watch?v=77yECJ8_dyk}",
year = {2018},
note = "Video Lecture Accessed 04/15/20",
}


@misc{papamakarios2016fast,
    title={Fast $\epsilon$-free Inference of Simulation Models with Bayesian Conditional Density Estimation},
    author={George Papamakarios and Iain Murray},
    year={2016},
    eprint={1605.06376},
    archivePrefix={arXiv},
    primaryClass={stat.ML}
}


@misc{apt,
    title={Automatic Posterior Transformation for Likelihood-Free Inference},
    author={David S. Greenberg and Marcel Nonnenmacher and Jakob H. Macke},
    year={2019},
    eprint={1905.07488},
    archivePrefix={arXiv},
    primaryClass={cs.LG}
}
